<?xml version="1.0" encoding="UTF-8"?>
<record xmlns="http://www.loc.gov/MARC21/slim">
   <leader>01273cam a2200277 a 4500</leader>
   <controlfield tag="001">1088632</controlfield>
   <controlfield tag="003">NjP</controlfield>
   <controlfield tag="005">20171030094926.0</controlfield>
   <controlfield tag="008">961004s1900    mr            000|0 ara d</controlfield>
   <datafield tag="024" ind1="7" ind2=" ">
      <subfield code="a">princeton_aco004285</subfield>
      <subfield code="2">local</subfield>
   </datafield>
   <datafield ind1=" " ind2=" " tag="035">
      <subfield code="a">(OCoLC)35725733</subfield>
   </datafield>
   <datafield ind1=" " ind2=" " tag="035">
      <subfield code="a">(CStRLIN)NJPG96-B56335</subfield>
   </datafield>
   <datafield ind1=" " ind2=" " tag="035">
      <subfield code="9">CCH0162TS</subfield>
   </datafield>
   <datafield ind1=" " ind2=" " tag="040">
      <subfield code="a">NjP</subfield>
      <subfield code="c">NjP</subfield>
   </datafield>
   <datafield ind1=" " ind2=" " tag="043">
      <subfield code="a">f-mr---</subfield>
   </datafield>
   <datafield ind1="1" ind2=" " tag="100">
      <subfield code="a">ʻAlamī, ʻAbd al-Salām ibn Muḥammad,</subfield>
      <subfield code="d">1830 or 1831-1905 or 1906.</subfield>
      <subfield code="0">http://id.loc.gov/authorities/names/nr92031066</subfield>
   </datafield>
   <datafield ind1="1" ind2="0" tag="245">
      <subfield code="a">Ḍiyāʼ al-nibrās fī ḥall mufradāt al-Anṭākī bi-lughat Fās /</subfield>
      <subfield code="c">lil-faqīh ʻAbd al-Salām ibn Sayyid Muḥammad al-ʻAlamī al-Ḥusaynī.</subfield>
   </datafield>
   <datafield ind1=" " ind2=" " tag="260">
      <subfield code="a">[Morocco? :</subfield>
      <subfield code="b">s.n.],</subfield>
      <subfield code="c">1318 [1900]</subfield>
   </datafield>
   <datafield ind1=" " ind2=" " tag="300">
      <subfield code="a">136 p. ;</subfield>
      <subfield code="c">23 cm.</subfield>
   </datafield>
   <datafield ind1=" " ind2=" " tag="590">
      <subfield code="a">Princeton's copy housed in portfolio (34 cm.)</subfield>
   </datafield>
   <datafield ind1="1" ind2="0" tag="600">
      <subfield code="a">Anṭākī, Dāwūd ibn ʻUmar,</subfield>
      <subfield code="d">d. 1599.</subfield>
      <subfield code="t">Tadhkirat ūlī al-albāb wa-al-jāmiʻ lil-ʻajab al-ʻujāb.</subfield>
   </datafield>
   <datafield ind1=" " ind2="0" tag="650">
      <subfield code="a">Medicine, Arab</subfield>
      <subfield code="x">Terminology.</subfield>
   </datafield>
   <datafield ind1=" " ind2="0" tag="650">
      <subfield code="a">Arabic language</subfield>
      <subfield code="x">Glossaries, vocabularies, etc.</subfield>
      <subfield code="0">http://id.loc.gov/authorities/subjects/sh2007101227</subfield>
   </datafield>
   <datafield ind1=" " ind2="0" tag="650">
      <subfield code="a">Arabic language</subfield>
      <subfield code="x">Dialects</subfield>
      <subfield code="z">Morocco</subfield>
      <subfield code="z">Fès.</subfield>
   </datafield>
   <datafield ind1="4" ind2=" " tag="856">
      <subfield code="u">http://hdl.handle.net/2027/njp.32101064471277</subfield>
   </datafield>
   <datafield ind1=" " ind2=" " tag="998">
      <subfield code="a">10/04/96</subfield>
      <subfield code="s">9114</subfield>
      <subfield code="n">NjP</subfield>
      <subfield code="d">10/04/96</subfield>
      <subfield code="c">JEB</subfield>
      <subfield code="b">JEB</subfield>
      <subfield code="i">961004</subfield>
      <subfield code="l">NJPG</subfield>
   </datafield>
   <datafield ind1=" " ind2=" " tag="911">
      <subfield code="a">19961017</subfield>
   </datafield>
   <datafield ind1=" " ind2=" " tag="912">
      <subfield code="a">20000117033812.0</subfield>
   </datafield>
   <datafield ind1="8" ind2="0" tag="852">
      <subfield code="0">1251934</subfield>
      <subfield code="b">rcppa</subfield>
      <subfield code="t">1</subfield>
      <subfield code="c">Oversize</subfield>
      <subfield code="h">2264.119.555 1900q</subfield>
      <subfield code="x">tr fr anxa</subfield>
   </datafield>
   <datafield ind1="8" ind2=" " tag="852">
      <subfield code="0">8687667</subfield>
      <subfield code="b">elf1</subfield>
      <subfield code="h">Electronic Resource</subfield>
   </datafield>
   <datafield ind1=" " ind2=" " tag="959">
      <subfield code="a">2000-06-08 00:00:00 -0500</subfield>
   </datafield>
</record>
